<?xml version="1.0" encoding="UTF-8"?><collection xmlns="http://www.loc.gov/MARC21/slim"><record><leader>00398nam--2200133-i-4500</leader><controlfield tag="001">000022498</controlfield><controlfield tag="002">20161230</controlfield><controlfield tag="005">20161230201034</controlfield><controlfield tag="008">060222s1000------------r-----000-0-eng-d</controlfield><datafield ind1=" " ind2=" " tag="100"><subfield code="a">Hoffman, E.J</subfield></datafield><datafield ind1=" " ind2=" " tag="245"><subfield code="a">Azeotropic and extractive distillation</subfield></datafield><datafield ind1=" " ind2=" " tag="260"><subfield code="a">New York, Interscience Publishers, 1964, Xi + 324p</subfield></datafield><datafield ind1=" " ind2=" " tag="490"><subfield code="a">Interscience Library Of Chemical Engineering And Processing</subfield></datafield><datafield ind1=" " ind2=" " tag="852"><subfield code="a">18861</subfield></datafield></record></collection>